@article{o2016exploring,
  title={Exploring the performance limits of full-field acoustic wavenumber spectroscopy techniques for damage detection through numerical simulation},
  author={Oâ€™Dowd, Niall M and Han, Dae-Hyun and Kang, Lae-Hyong and Flynn, Eric B},
  journal={Proc. 8th EWSHM},
  year={2016}
}

@ARTICLE{8618363,  author={G. {Lin} and F. {Liu} and A. {Milan} and C. {Shen} and I. {Reid}},  journal={IEEE Transactions on Pattern Analysis and Machine Intelligence},   title={RefineNet: Multi-Path Refinement Networks for Dense Prediction},   year={2020},  volume={42},  number={5},  pages={1228-1242},}